@misc{esp32Chip,
    author = {Espressif Systems},
    title = {ESP32 Technical Reference Manual},
    url={https://www.espressif.com/sites/default/files/documentation/esp32_technical_reference_manual_en.pdf},

}
@misc{esp32,
  author = {Espressif Systems},
    title = {ESP32},
    url={https://www.espressif.com/en/products/socs/esp32},
}
@misc{LoRa,
  author = {LoRa},
    title = {LoRa-Modul},
    url={https://www.lora-wan.de/},
}
@misc{TemperaturSensor,
    author={Az-Delievery},
    title={Temperatur-Sensor},
    url={https://cdn.shopify.com/s/files/1/1509/1638/files/DS18B20_3mCable_datasheet.pdf?v=1644320674},
}
@misc{Ph-Sensor,
    author={e-Gizmo},
    title={ph-Sensor},
    url={https://www.e-gizmo.net/oc/kits%20documents/PH%20Sensor%20E-201-C/PH%20Sensor%20E-201-C.pdf},
}
@misc{NTU-Sensor,
    author={AliExpress},
    title={ntu-Sensor},
    url={https://de.aliexpress.com/item/4000321791231.html},
}
@misc{Gyroskop/Beschleunigungssensor,
    author={Joy-It},
    title={Gyroskop/Beschleunigungssensor},
    url={https://joy-it.net/de/products/SEN-MPU6050},
}
@misc{React,
    author={React},
    title={React},
    url={https://reactjs.org/docs/getting-started.html},
}
@misc{Flutter,
    author={Flutter},
    title={Flutter},
    url={https://pub.dev/},
}
@misc{Wikipedia,
    author={Wikipedia},
    title={Wikipedia},
    url={https://de.wikipedia.org/},
}
@misc{SPIFFS,
    author={Espressif},
    title={SPIFFS},
    url={https://docs.espressif.com/projects/esp-idf/en/latest/esp32/api-reference/storage/spiffs.html},
}

@misc{C,
    author={Grund-Wissen.de},
    title={C},
    url={https://www.grund-wissen.de/informatik/c/index.html},
}